<bibRecord>
    <bib>
        <owningInstitutionId>PUL</owningInstitutionId>
        <owningInstitutionBibId>.b100006279</owningInstitutionBibId>
        <content>
            <collection xmlns="http://www.loc.gov/MARC21/slim">
                <record>
                    <controlfield tag="001">NYPG002000036-B</controlfield>
                    <controlfield tag="005">20001116192424.2</controlfield>
                    <controlfield tag="008">850225r19731907nyu b 001 0 ara</controlfield>
                    <datafield ind1=" " ind2=" " tag="010">
                        <subfield code="a">77173005</subfield>
                    </datafield>
                    <datafield ind1=" " ind2=" " tag="040">
                        <subfield code="c">NN</subfield>
                        <subfield code="d">NN</subfield>
                        <subfield code="d">CStRLIN</subfield>
                        <subfield code="d">WaOLN</subfield>
                    </datafield>
                    <datafield ind1=" " ind2=" " tag="043">
                        <subfield code="a">ff-----</subfield>
                    </datafield>
                    <datafield ind1="0" ind2="0" tag="050">
                        <subfield code="a">DS36.6</subfield>
                        <subfield code="b">.I26 1973</subfield>
                    </datafield>
                    <datafield ind1="0" ind2="0" tag="082">
                        <subfield code="a">910.031/767</subfield>
                    </datafield>
                    <datafield ind1="1" ind2=" " tag="100">
                        <subfield code="a">Ibn Jubayr, Muḥammad ibn Aḥmad,</subfield>
                        <subfield code="d">1145-1217.</subfield>
                    </datafield>
                    <datafield ind1="1" ind2="0" tag="245">
                        <subfield code="a">Riḥlat</subfield>
                        <subfield code="b">Abī al-Husayn Muhammad ibn Ahmad ibn Jubayr al-Kinānī al-Andalusī
                            al-Balinsī.
                        </subfield>
                    </datafield>
                    <datafield ind1=" " ind2=" " tag="250">
                        <subfield code="a">2d ed.</subfield>
                        <subfield code="b">rev. by M. J. de Goeje and printed for the Trustees of the "E. J. W. Gibb
                            memorial"
                        </subfield>
                    </datafield>
                    <datafield ind1=" " ind2=" " tag="260">
                        <subfield code="a">[New York,</subfield>
                        <subfield code="b">AMS Press,</subfield>
                        <subfield code="c">1973] 1907.</subfield>
                    </datafield>
                    <datafield ind1=" " ind2=" " tag="300">
                        <subfield code="a">363, 53 p.</subfield>
                        <subfield code="c">23 cm.</subfield>
                    </datafield>
                    <datafield ind1=" " ind2=" " tag="500">
                        <subfield code="a">Added t.p.: The travels of Ibn Jubayr. Edited from a ms. in the University
                            Library of Leyden by William Wright.
                        </subfield>
                    </datafield>
                    <datafield ind1=" " ind2=" " tag="500">
                        <subfield code="a">Original ed. issued as v. 5 of "E.J.W. Gibb memorial" series.</subfield>
                    </datafield>
                    <datafield ind1=" " ind2=" " tag="504">
                        <subfield code="a">Includes bibliographical references and index.</subfield>
                    </datafield>
                    <datafield ind1=" " ind2="0" tag="651">
                        <subfield code="a">Islamic Empire</subfield>
                        <subfield code="x">Description and travel.</subfield>
                    </datafield>
                    <datafield ind1="1" ind2=" " tag="700">
                        <subfield code="a">Wright, William,</subfield>
                        <subfield code="d">1830-1889.</subfield>
                    </datafield>
                    <datafield ind1="1" ind2=" " tag="700">
                        <subfield code="a">Goeje, M. J. de</subfield>
                        <subfield code="q">(Michael Jan),</subfield>
                        <subfield code="d">1836-1909.</subfield>
                    </datafield>
                    <datafield ind1="0" ind2=" " tag="740">
                        <subfield code="a">Travels of Ibn Jubayr.</subfield>
                    </datafield>
                    <datafield ind1=" " ind2="0" tag="830">
                        <subfield code="a">"E.J.W. Gibb memorial" series ;</subfield>
                        <subfield code="v">v.5.</subfield>
                    </datafield>
                    <datafield ind1=" " ind2=" " tag="907">
                        <subfield code="a">.b100006279</subfield>
                        <subfield code="c">m</subfield>
                        <subfield code="d">a</subfield>
                        <subfield code="e">-</subfield>
                        <subfield code="f">ara</subfield>
                        <subfield code="g">nyu</subfield>
                        <subfield code="h">0</subfield>
                        <subfield code="i">3</subfield>
                    </datafield>
                    <datafield ind1=" " ind2=" " tag="952">
                        <subfield code="h">*OAC ("E. J. W. Gibb memorial" series. v. 5)</subfield>
                    </datafield>
                    <datafield ind1=" " ind2=" " tag="952">
                        <subfield code="h">*OFV 87-659</subfield>
                    </datafield>
                    <leader>01814cam a2200409 450000</leader>
                </record>
            </collection>
        </content>
    </bib>
    <holdings>
        <holding>
            <owningInstitutionHoldingsId/>
            <content>
                <collection xmlns="http://www.loc.gov/MARC21/slim">
                    <record>
                        <datafield ind1=" " ind2="8" tag="852">
                            <subfield code="b">rc2ma</subfield>
                            <subfield code="h">*OFV 87-659</subfield>
                        </datafield>
                        <datafield ind1=" " ind2=" " tag="866">
                            <subfield code="a"/>
                        </datafield>
                    </record>
                </collection>
            </content>
            <items>
                <content>
                    <collection xmlns="http://www.loc.gov/MARC21/slim">
                        <record>
                            <datafield ind1=" " ind2=" " tag="876">
                                <subfield code="p">33433014525079</subfield>
                                <subfield code="h"/>
                                <subfield code="a">.i100003667</subfield>
                                <subfield code="j">Available</subfield>
                                <subfield code="t">1</subfield>
                            </datafield>
                            <datafield ind1=" " ind2=" " tag="900">
                                <subfield code="a">Shared</subfield>
                                <subfield code="b">NA</subfield>
                            </datafield>
                        </record>
                    </collection>
                </content>
            </items>
        </holding>
    </holdings>
    <holdings>
        <holding>
            <owningInstitutionHoldingsId/>
            <content>
                <collection xmlns="http://www.loc.gov/MARC21/slim">
                    <record>
                        <datafield ind1=" " ind2="8" tag="852">
                            <subfield code="b">rc2ma</subfield>
                            <subfield code="h">*OAC ("E. J. W. Gibb memorial" series. v. 5)</subfield>
                        </datafield>
                        <datafield ind1=" " ind2=" " tag="866">
                            <subfield code="a"/>
                        </datafield>
                    </record>
                </collection>
            </content>
            <items>
                <content>
                    <collection xmlns="http://www.loc.gov/MARC21/slim">
                        <record>
                            <datafield ind1=" " ind2=" " tag="876">
                                <subfield code="p">33433115326104</subfield>
                                <subfield code="h">Supervised Use</subfield>
                                <subfield code="a">.i312078365</subfield>
                                <subfield code="j">Available</subfield>
                                <subfield code="t">3</subfield>
                            </datafield>
                            <datafield ind1=" " ind2=" " tag="900">
                                <subfield code="a">Private</subfield>
                                <subfield code="b">NA</subfield>
                            </datafield>
                        </record>
                    </collection>
                </content>
            </items>
        </holding>
    </holdings>
</bibRecord>